<record><leader>00000cas a2200000 a 4500</leader><controlfield tag="001">7631334</controlfield><controlfield tag="007">hd afu---buca</controlfield><controlfield tag="008">810731d18401920nyudr nea     0   a0eng c</controlfield><datafield ind1=" " ind2=" " tag="010"><subfield code="a">  2009252750</subfield></datafield><datafield ind1=" " ind2=" " tag="040"><subfield code="a">NDD</subfield><subfield code="b">eng</subfield><subfield code="c">NDD</subfield><subfield code="d">HUL</subfield><subfield code="d">DLC</subfield><subfield code="d">NST</subfield><subfield code="d">DLC</subfield><subfield code="d">HUL</subfield><subfield code="d">OCL</subfield><subfield code="d">OCLCQ</subfield><subfield code="d">WAU</subfield><subfield code="d">OCLCQ</subfield><subfield code="d">OCLCF</subfield><subfield code="d">OCLCO</subfield><subfield code="d">OCLCQ</subfield></datafield><datafield ind1=" " ind2=" " tag="042"><subfield code="a">pcc</subfield></datafield><datafield ind1=" " ind2=" " tag="043"><subfield code="a">n-us-ny</subfield></datafield><datafield ind1=" " ind2="4" tag="050"><subfield code="a">AP2.N4</subfield><subfield code="b">N45</subfield></datafield><datafield ind1="0" ind2=" " tag="130"><subfield code="a">New York herald (New York, N.Y. : 1840)</subfield></datafield><datafield ind1="1" ind2="4" tag="245"><subfield code="a">The New York herald.</subfield></datafield><datafield ind1="1" ind2="3" tag="246"><subfield code="a">New York daily herald</subfield></datafield><datafield ind1=" " ind2=" " tag="260"><subfield code="a">New York [N.Y.] :</subfield><subfield code="b">James Gordon Bennett,</subfield><subfield code="c">1840-1920.</subfield></datafield><datafield ind1=" " ind2=" " tag="300"><subfield code="a">81 volumes :</subfield><subfield code="b">illustrations ;</subfield><subfield code="c">60 cm</subfield></datafield><datafield ind1=" " ind2=" " tag="310"><subfield code="a">Daily,</subfield><subfield code="b">Jan. 9, 1842-1920</subfield></datafield><datafield ind1=" " ind2=" " tag="321"><subfield code="a">Daily (except Sunday),</subfield><subfield code="b">1840-Jan. 8, 1842</subfield></datafield><datafield ind1=" " ind2=" " tag="336"><subfield code="a">text</subfield><subfield code="b">txt</subfield><subfield code="2">rdacontent</subfield></datafield><datafield ind1=" " ind2=" " tag="337"><subfield code="a">microform</subfield><subfield code="b">h</subfield><subfield code="2">rdamedia</subfield></datafield><datafield ind1=" " ind2=" " tag="338"><subfield code="a">microfilm reel</subfield><subfield code="b">hd</subfield><subfield code="2">rdacarrier</subfield></datafield><datafield ind1="0" ind2=" " tag="362"><subfield code="a">Vol. 6, 1565 (Sept. 21, 1840) ; v. 6, no. 2 (Sept. 22, 1840)-v.87, no. 153 (Jan. 31, 1920).</subfield></datafield><datafield ind1=" " ind2=" " tag="515"><subfield code="a">Issues for Sept. 22, 1840-Jan. 31, 1920 called also whole no. 1566-30,476.</subfield></datafield><datafield ind1=" " ind2=" " tag="580"><subfield code="a">Weekly eds.: Weekly herald (New York, N.Y. : 1836), 1840-&lt;1888&gt;, and: Dollar weekly herald (New York, N.Y.), &lt;1849-&gt;; and: Family herald, 1857-&lt;1862-&gt;</subfield></datafield><datafield ind1=" " ind2=" " tag="580"><subfield code="a">Steamer eds.: Herald for Europe, 1846-&lt;1848&gt;, and: California herald (New York, N.Y.), 1848-&lt;1849&gt;, and: New York herald (New York, N.Y. : California ed.), &lt;1852-1858&gt;, and: New York herald (New York, N.Y. : Pacific ed.), &lt;1864-1865&gt;</subfield></datafield><datafield ind1=" " ind2=" " tag="580"><subfield code="a">Merged with: Sun (New York, N.Y. : 1916) to form: Sun and the New York herald.</subfield></datafield><datafield ind1=" " ind2=" " tag="533"><subfield code="a">Microfilm.</subfield><subfield code="b">New York :</subfield><subfield code="c">Recordak Corp. ;</subfield><subfield code="b">[Wooster, Ohio :</subfield><subfield code="c">Micro Photo Div., Bell &amp; Howell, distributor.</subfield><subfield code="e">microfilm reels ; 35 mm.</subfield></datafield><datafield ind1=" " ind2="0" tag="651"><subfield code="a">New York (N.Y.)</subfield><subfield code="v">Newspapers.</subfield></datafield><datafield ind1=" " ind2="0" tag="651"><subfield code="a">New York County (N.Y.)</subfield><subfield code="v">Newspapers.</subfield></datafield><datafield ind1=" " ind2="7" tag="651"><subfield code="a">New York (State)</subfield><subfield code="z">New York.</subfield><subfield code="2">fast</subfield><subfield code="0">(OCoLC)fst01204333</subfield></datafield><datafield ind1=" " ind2="7" tag="651"><subfield code="a">New York (State)</subfield><subfield code="z">New York County.</subfield><subfield code="2">fast</subfield><subfield code="0">(OCoLC)fst01234953</subfield></datafield><datafield ind1=" " ind2="7" tag="655"><subfield code="a">Newspapers.</subfield><subfield code="2">fast</subfield><subfield code="0">(OCoLC)fst01423814</subfield></datafield><datafield ind1=" " ind2=" " tag="752"><subfield code="a">United States</subfield><subfield code="b">New York</subfield><subfield code="c">New York</subfield><subfield code="d">New York.</subfield></datafield><datafield ind1="1" ind2=" " tag="775"><subfield code="a">Weekly herald (New York, N.Y. : 1836)</subfield></datafield><datafield ind1="1" ind2=" " tag="775"><subfield code="a">Dollar weekly herald (New York, N.Y.)</subfield></datafield><datafield ind1="1" ind2=" " tag="775"><subfield code="a">Family herald</subfield></datafield><datafield ind1="1" ind2=" " tag="775"><subfield code="a">Herald for Europe</subfield></datafield><datafield ind1="1" ind2=" " tag="775"><subfield code="a">California herald (New York, N.Y.)</subfield></datafield><datafield ind1="1" ind2=" " tag="775"><subfield code="a">New York (New York, N.Y. : California ed.)</subfield></datafield><datafield ind1="1" ind2=" " tag="775"><subfield code="a">New York (New York, N.Y. : Pacific ed.)</subfield></datafield><datafield ind1="1" ind2=" " tag="776"><subfield code="t">Original</subfield><subfield code="w">(DLC)sn 83030313</subfield><subfield code="w">(OCoLC)9467138</subfield></datafield><datafield ind1="0" ind2="0" tag="780"><subfield code="t">Morning herald (New York, N.Y. : 1837)</subfield><subfield code="w">(OCoLC)7631292</subfield></datafield><datafield ind1="1" ind2="7" tag="785"><subfield code="t">Sun (New York, N.Y. : 1916)</subfield></datafield><datafield ind1="1" ind2="7" tag="785"><subfield code="t">Sun and the New York herald</subfield></datafield></record>